@inproceedings{Nikolaidis_2016_8035,
   author = "Stefanos Nikolaidis and Anton Kuznetsov and David Hsu and Siddhartha Srinivasa",
   title = "Formalizing Human-Robot Mutual Adaptation via a Bounded Memory Based Model",
   booktitle = "Human-Robot Interaction",
   month = "March",
   year = "2016",
}
@inproceedings{nikolaidis2013human,
  title={Human-robot cross-training: Computational formulation, modeling and evaluation of a human team training strategy},
  author={Nikolaidis, Stefanos and Shah, Julie},
  booktitle={Proceedings of the 8th ACM/IEEE international conference on Human-robot interaction},
  pages={33--40},
  year={2013},
  organization={IEEE Press}
}